%TODO keep it synchronized

@article {SiagaPaper,
	AUTHOR = {Am\'{e}ndola, Carlos and Kohn, Kathl\'{e}n and Reichenbach, Philipp
		and Seigal, Anna},
	TITLE = {{Invariant Theory and Scaling Algorithms for Maximum Likelihood
		Estimation}},
	JOURNAL = {SIAM J. Appl. Algebra Geom.},
	FJOURNAL = {SIAM Journal on Applied Algebra and Geometry},
	VOLUME = {5},
	YEAR = {2021},
	NUMBER = {2},
	PAGES = {304--337},
	DOI = {10.1137/20M1328932},
}

@article {DiscretePaper,
	AUTHOR = {Am\'{e}ndola, Carlos and Kohn, Kathl\'{e}n and Reichenbach, Philipp
	and Seigal, Anna},
	TITLE = {Toric invariant theory for maximum likelihood estimation in
	log-linear models},
	JOURNAL = {Algebr. Stat.},
	FJOURNAL = {Algebraic Statistics},
	VOLUME = {12},
	YEAR = {2021},
	NUMBER = {2},
	PAGES = {187--211},
	ISSN = {2693-2997},
	DOI = {10.2140/astat.2021.12.187},
}

@misc{RDAG,
	url = {https://arxiv.org/abs/2108.10058v2},
	author = {Makam, Visu and Reichenbach, Philipp and Seigal, Anna},
	title = {Symmetries in Directed Gaussian Graphical Models},
	publisher = {arXiv},
	year = {2021},
}

@book {Wallach,
	AUTHOR = {Wallach, N.R.},
	TITLE = {Geometric invariant theory: Over the real and complex numbers},
	SERIES = {Universitext},
	PUBLISHER = {Springer},
	YEAR = {2017},
	PAGES = {xiv+190},
	DOI = {10.1007/978-3-319-65907-7}
}

@article {DM21MatrixNormal,
	AUTHOR = {Derksen, Harm and Makam, Visu},
	TITLE = {Maximum likelihood estimation for matrix normal models via
	quiver representations},
	JOURNAL = {SIAM J. Appl. Algebra Geom.},
	FJOURNAL = {SIAM Journal on Applied Algebra and Geometry},
	VOLUME = {5},
	YEAR = {2021},
	NUMBER = {2},
	PAGES = {338--365},
	DOI = {10.1137/20M1369348},
}

@article {DMW22TensorNormal,
	AUTHOR = {Derksen, Harm and Makam, Visu and Walter, Michael},
	TITLE = {Maximum likelihood estimation for tensor normal models via
	castling transforms},
	JOURNAL = {Forum Math. Sigma},
	FJOURNAL = {Forum of Mathematics. Sigma},
	VOLUME = {10},
	YEAR = {2022},
	PAGES = {Paper No. e50, 23},
	DOI = {10.1017/fms.2022.37},
}

@article {derksen1999ComputationOfInvariants,
	AUTHOR = {Derksen, Harm},
	TITLE = {Computation of invariants for reductive groups},
	JOURNAL = {Adv. Math.},
	FJOURNAL = {Advances in Mathematics},
	VOLUME = {141},
	YEAR = {1999},
	NUMBER = {2},
	PAGES = {366--384},
	ISSN = {0001-8708},
	DOI = {10.1006/aima.1998.1787},
}

@article {derksen2017polynomial,
	AUTHOR = {Derksen, Harm and Makam, Visu},
	TITLE = {Polynomial degree bounds for matrix semi-invariants},
	JOURNAL = {Adv. Math.},
	FJOURNAL = {Advances in Mathematics},
	VOLUME = {310},
	YEAR = {2017},
	PAGES = {44--63},
	DOI = {10.1016/j.aim.2017.01.018},
}

@article {derksen2018degree,
	AUTHOR = {Derksen, Harm and Makam, Visu},
	TITLE = {Degree bounds for semi-invariant rings of quivers},
	JOURNAL = {J. Pure Appl. Algebra},
	FJOURNAL = {Journal of Pure and Applied Algebra},
	VOLUME = {222},
	YEAR = {2018},
	NUMBER = {10},
	PAGES = {3282--3292},
	DOI = {10.1016/j.jpaa.2017.12.007},
}

@article{derksen2018algorithms,
	AUTHOR = {Derksen, Harm and Makam, Visu},
	TITLE = {Algorithms for orbit closure separation for invariants and
	semi-invariants of matrices},
	JOURNAL = {Algebra Number Theory},
	FJOURNAL = {Algebra \& Number Theory},
	VOLUME = {14},
	YEAR = {2020},
	NUMBER = {10},
	PAGES = {2791--2813},
	ISSN = {1937-0652},
	DOI = {10.2140/ant.2020.14.2791},
}

@article {derksen2020exponential,
	AUTHOR = {Derksen, Harm and Makam, Visu},
	TITLE = {An exponential lower bound for the degrees of invariants of
	cubic forms and tensor actions},
	JOURNAL = {Adv. Math.},
	FJOURNAL = {Advances in Mathematics},
	VOLUME = {368},
	YEAR = {2020},
	PAGES = {107136, 25},
	DOI = {10.1016/j.aim.2020.107136},
}

@article {DrtonKurikiHoff,
	AUTHOR = {Drton, Mathias and Kuriki, Satoshi and Hoff, Peter},
	TITLE = {Existence and uniqueness of the {K}ronecker covariance {MLE}},
	JOURNAL = {Ann. Statist.},
	FJOURNAL = {The Annals of Statistics},
	VOLUME = {49},
	YEAR = {2021},
	NUMBER = {5},
	PAGES = {2721--2754},
	DOI = {10.1214/21-aos2052},
}

@article {WieselGeodesic,
	AUTHOR = {Wiesel, Ami},
	TITLE = {Geodesic convexity and covariance estimation},
	JOURNAL = {IEEE Trans. Signal Process.},
	FJOURNAL = {IEEE Transactions on Signal Processing},
	VOLUME = {60},
	YEAR = {2012},
	NUMBER = {12},
	PAGES = {6182--6189},
	DOI = {10.1109/TSP.2012.2218241},
}

@book {SullivantBook,
	AUTHOR = {Sullivant, Seth},
	TITLE = {Algebraic {S}tatistics},
	SERIES = {Graduate Studies in Mathematics},
	VOLUME = {194},
	PUBLISHER = {American Mathematical Society, Providence, RI},
	YEAR = {2018},
	PAGES = {xiii+490},
	DOI = {10.1090/gsm/194},
}

@book {LecturesAlgebraicStatistics,
	AUTHOR = {Drton, Mathias and Sturmfels, Bernd and Sullivant, Seth},
	TITLE = {Lectures on algebraic statistics},
	SERIES = {Oberwolfach Seminars},
	VOLUME = {39},
	PUBLISHER = {Birkh\"{a}user Verlag, Basel},
	YEAR = {2009},
	PAGES = {viii+171},
	ISBN = {978-3-7643-8904-8},
	DOI = {10.1007/978-3-7643-8905-5},
}

@article {ExponentialTransformationModels,
	AUTHOR = {Barndorff-Nielsen, O. and Bl\ae sild, P. and Jensen, J. Ledet and
	J\o rgensen, B.},
	TITLE = {Exponential transformation models},
	JOURNAL = {Proc. Roy. Soc. London Ser. A},
	FJOURNAL = {Proceedings of the Royal Society. London. Series A.
	Mathematical, Physical and Engineering Sciences},
	VOLUME = {379},
	YEAR = {1982},
	NUMBER = {1776},
	PAGES = {41--65},
	DOI = {10.1098/rspa.1982.0004},
}

@article {BorelHarishChandra,
	AUTHOR = {Borel, Armand and Harish-Chandra},
	TITLE = {Arithmetic subgroups of algebraic groups},
	JOURNAL = {Ann. of Math. (2)},
	FJOURNAL = {Annals of Mathematics. Second Series},
	VOLUME = {75},
	YEAR = {1962},
	PAGES = {485--535},
	DOI = {10.2307/1970210},
}

@incollection {borel2006lie,
	AUTHOR = {Borel, Armand},
	TITLE = {Lie groups and linear algebraic groups. {I}. {C}omplex and
	real groups},
	BOOKTITLE = {Lie groups and automorphic forms},
	SERIES = {AMS/IP Stud. Adv. Math.},
	VOLUME = {37},
	PAGES = {1--49},
	PUBLISHER = {Amer. Math. Soc., Providence, RI},
	YEAR = {2006},
	DOI = {10.1090/amsip/037/01},
}

@article {Whitney,
	AUTHOR = {Whitney, Hassler},
	TITLE = {Elementary structure of real algebraic varieties},
	JOURNAL = {Ann. of Math. (2)},
	FJOURNAL = {Annals of Mathematics. Second Series},
	VOLUME = {66},
	YEAR = {1957},
	PAGES = {545--556},
	DOI = {10.2307/1969908},
}

@book {MilneBook,
	AUTHOR = {Milne, J.S.},
	TITLE = {Algebraic groups},
	SERIES = {Cambridge Studies in Advanced Mathematics},
	VOLUME = {170},
	PUBLISHER = {Cambridge University Press, Cambridge},
	YEAR = {2017},
	PAGES = {xvi+644},
	DOI = {10.1017/9781316711736}
}

@article {MostowSelfAdjoint,
	AUTHOR = {Mostow, G.D.},
	TITLE = {Self-adjoint groups},
	JOURNAL = {Ann. of Math. (2)},
	FJOURNAL = {Annals of Mathematics. Second Series},
	VOLUME = {62},
	YEAR = {1955},
	PAGES = {44--55},
	DOI = {10.2307/2007099}
}

@article {mostowLeviDecomposition,
	AUTHOR = {Mostow, G. D.},
	TITLE = {Fully reducible subgroups of algebraic groups},
	JOURNAL = {Amer. J. Math.},
	FJOURNAL = {American Journal of Mathematics},
	VOLUME = {78},
	YEAR = {1956},
	PAGES = {200--221},
	ISSN = {0002-9327},
	DOI = {10.2307/2372490},
}

@article {BurginDraisma,
	AUTHOR = {B\"{u}rgin, Matthias and Draisma, Jan},
	TITLE = {The {H}ilbert null-cone on tuples of matrices and bilinear
	forms},
	JOURNAL = {Math. Z.},
	FJOURNAL = {Mathematische Zeitschrift},
	VOLUME = {254},
	YEAR = {2006},
	NUMBER = {4},
	PAGES = {785--809},
	DOI = {10.1007/s00209-006-0008-0},
}

@article {King,
	AUTHOR = {King, A. D.},
	TITLE = {Moduli of representations of finite-dimensional algebras},
	JOURNAL = {Quart. J. Math. Oxford Ser. (2)},
	FJOURNAL = {The Quarterly Journal of Mathematics. Oxford. Second Series},
	VOLUME = {45},
	YEAR = {1994},
	NUMBER = {180},
	PAGES = {515--530},
	DOI = {10.1093/qmath/45.4.515},
}

@book {LauritzenBook,
	AUTHOR = {Lauritzen, Steffen L.},
	TITLE = {Graphical models},
	SERIES = {Oxford Statistical Science Series},
	VOLUME = {17},
	NOTE = {Oxford Science Publications},
	PUBLISHER = {The Clarendon Press, Oxford University Press, New York},
	YEAR = {1996},
	PAGES = {x+298},
}

@article {drton2019maximum,
	AUTHOR = {Drton, Mathias and Fox, Christopher and K\"{a}ufl, Andreas and
	Pouliot, Guillaume},
	TITLE = {The maximum likelihood threshold of a path diagram},
	JOURNAL = {Ann. Statist.},
	FJOURNAL = {The Annals of Statistics},
	VOLUME = {47},
	YEAR = {2019},
	NUMBER = {3},
	PAGES = {1536--1553},
	DOI = {10.1214/18-AOS1724},
}

@incollection {drton2018algebraic,
	AUTHOR = {Drton, Mathias},
	TITLE = {Algebraic problems in structural equation modeling},
	BOOKTITLE = {The 50th anniversary of {G}r\"{o}bner bases},
	SERIES = {Adv. Stud. Pure Math.},
	VOLUME = {77},
	PAGES = {35--86},
	PUBLISHER = {Math. Soc. Japan, Tokyo},
	YEAR = {2018},
	DOI = {10.2969/aspm/07710035},
}

@article {andersson1997markov,
	AUTHOR = {Andersson, Steen A. and Madigan, David and Perlman, Michael
	D.},
	TITLE = {On the {M}arkov equivalence of chain graphs, undirected
	graphs, and acyclic digraphs},
	JOURNAL = {Scand. J. Statist.},
	FJOURNAL = {Scandinavian Journal of Statistics. Theory and Applications},
	VOLUME = {24},
	YEAR = {1997},
	NUMBER = {1},
	PAGES = {81--102},
	DOI = {10.1111/1467-9469.00050},
}

@article {letac2007wishart,
	AUTHOR = {Letac, G\'{e}rard and Massam, H\'{e}l\`ene},
	TITLE = {Wishart distributions for decomposable graphs},
	JOURNAL = {Ann. Statist.},
	FJOURNAL = {The Annals of Statistics},
	VOLUME = {35},
	YEAR = {2007},
	NUMBER = {3},
	PAGES = {1278--1323},
	DOI = {10.1214/009053606000001235},
}

@article {draisma2013groups,
	AUTHOR = {Draisma, Jan and Kuhnt, Sonja and Zwiernik, Piotr},
	TITLE = {Groups acting on {G}aussian graphical models},
	JOURNAL = {Ann. Statist.},
	FJOURNAL = {The Annals of Statistics},
	VOLUME = {41},
	YEAR = {2013},
	NUMBER = {4},
	PAGES = {1944--1969},
	DOI = {10.1214/13-AOS1130},
}


@InProceedings{burgisser2017alternating,
	author =	{Peter B{\"u}rgisser and Ankit Garg and Rafael Oliveira and Michael Walter and Avi Wigderson},
	title =	{{Alternating Minimization, Scaling Algorithms, and the Null-Cone Problem from Invariant Theory}},
	booktitle =	{9th Innovations in Theoretical Computer Science Conference (ITCS 2018)},
	pages =	{24:1--24:20},
	series =	{Leibniz International Proceedings in Informatics (LIPIcs)},
	ISBN =	{978-3-95977-060-6},
	ISSN =	{1868-8969},
	year =	{2018},
	volume =	{94},
	doi =	{10.4230/LIPIcs.ITCS.2018.24},
	url={https://arxiv.org/abs/1711.08039},
}

@incollection {burgisser2018efficient,
	AUTHOR = {B\"{u}rgisser, Peter and Franks, Cole and Garg, Ankit and
	Oliveira, Rafael and Walter, Michael and Wigderson, Avi},
	TITLE = {Efficient algorithms for tensor scaling, quantum marginals,
	and moment polytopes},
	BOOKTITLE = {59th {A}nnual {IEEE} {S}ymposium on {F}oundations of
	{C}omputer {S}cience---{FOCS} 2018},
	PAGES = {883--897},
	PUBLISHER = {IEEE Computer Soc., Los Alamitos, CA},
	YEAR = {2018},
	DOI = {10.1109/FOCS.2018.00088},
	URL = {https://arxiv.org/abs/1804.04739},
}

@misc{burgisser2020interior,
	url = {https://arxiv.org/abs/2008.12110v1},
	author = {Bürgisser, Peter and Li, Yinan and Nieuwboer, Harold and Walter, Michael},
	title = {Interior-point methods for unconstrained geometric programming and scaling problems},
	publisher = {arXiv},
	year = {2020},
}

@incollection {verma1990causal,
	AUTHOR = {Verma, Thomas and Pearl, Judea},
	TITLE = {Causal networks: semantics and expressiveness},
	BOOKTITLE = {Uncertainty in artificial intelligence, 4},
	SERIES = {Mach. Intelligence Pattern Recogn.},
	VOLUME = {9},
	PAGES = {69--76},
	PUBLISHER = {North-Holland, Amsterdam},
	YEAR = {1990},
	DOI = {10.1016/B978-0-444-88650-7.50011-1},
}

@book {pearl2009causality,
	AUTHOR = {Pearl, Judea},
	TITLE = {Causality},
	EDITION = {Second},
	NOTE = {Models, reasoning, and inference},
	PUBLISHER = {Cambridge University Press, Cambridge},
	YEAR = {2009},
	PAGES = {xx+464},
	ISBN = {978-0-521-89560-6},
	MRCLASS = {68T37 (03B48 68-02)},
	MRNUMBER = {2548166},
	DOI = {10.1017/CBO9780511803161},
	URL = {https://doi.org/10.1017/CBO9780511803161},
}

@article{sachs2005causal,
	title={Causal protein-signaling networks derived from multiparameter single-cell data},
	author={Sachs, Karen and Perez, Omar and Pe'er, Dana and Lauffenburger, Douglas A and Nolan, Garry P},
	journal={Science},
	volume={308},
	number={5721},
	pages={523--529},
	year={2005},
	publisher={American Association for the Advancement of Science},
	doi={10.1126/science.1105809},
}

@inproceedings{friedman2000using, 
	author = {Friedman, Nir and Linial, Michal and Nachman, Iftach and Pe'er, Dana}, 
	title = {Using Bayesian Networks to Analyze Expression Data}, 
	year = {2000}, 
	isbn = {1581131860}, 
	publisher = {Association for Computing Machinery}, 
	address = {New York, NY, USA}, 
	doi = {10.1145/332306.332355},
	pages = {127–135},
	location = {Tokyo, Japan}, 
	series = {RECOMB '00},
}

@article {hojsgaard2008graphical,
	AUTHOR = {H\o jsgaard, S\o ren and Lauritzen, Steffen L.},
	TITLE = {Graphical {G}aussian models with edge and vertex symmetries},
	JOURNAL = {J. R. Stat. Soc. Ser. B Stat. Methodol.},
	FJOURNAL = {Journal of the Royal Statistical Society. Series B.
	Statistical Methodology},
	VOLUME = {70},
	YEAR = {2008},
	NUMBER = {5},
	PAGES = {1005--1027},
	DOI = {10.1111/j.1467-9868.2008.00666.x},
}

@book {trefethen1997numerical,
	AUTHOR = {Trefethen, Lloyd N. and Bau, III, David},
	TITLE = {Numerical linear algebra},
	PUBLISHER = {Society for Industrial and Applied Mathematics (SIAM),
	Philadelphia, PA},
	YEAR = {1997},
	PAGES = {xii+361},
	DOI = {10.1137/1.9780898719574},
}

@article {frydenberg1990chain,
	AUTHOR = {Frydenberg, Morten},
	TITLE = {The chain graph {M}arkov property},
	JOURNAL = {Scand. J. Statist.},
	FJOURNAL = {Scandinavian Journal of Statistics. Theory and Applications},
	VOLUME = {17},
	YEAR = {1990},
	NUMBER = {4},
	PAGES = {333--353},
	URL = {https://www.jstor.org/stable/4616181}
}

@article{momozawa2020genome,
	title={Genome wide association study of 40 clinical measurements in eight dog breeds},
	author={Momozawa, Yukihide and Merveille, Anne-Christine and Battaille, G{\'e}raldine and Wiberg, Maria and Koch, J{\o}rgen and Willesen, Jakob Lundgren and Proschowsky, Helle Friis and Gouni, Vassiliki and Chetboul, Val{\'e}rie and Tiret, Laurent and others},
	journal={Scientific reports},
	volume={10},
	number={1},
	pages={1--11},
	year={2020},
	publisher={Nature Publishing Group},
	doi={10.1038/s41598-020-63457-y}
}

@inproceedings {lovasz1979onDeterminants,
	AUTHOR = {Lov\'{a}sz, L.},
	TITLE = {On determinants, matchings, and random algorithms},
	BOOKTITLE = {Fundamentals of computation theory ({P}roc. {C}onf.
	{A}lgebraic, {A}rith. and {C}ategorical {M}ethods in {C}omput.
	{T}heory, {B}erlin/{W}endisch-{R}ietz, 1979)},
	SERIES = {Math. Res.},
	VOLUME = {2},
	PAGES = {565--574},
	PUBLISHER = {Akademie-Verlag, Berlin},
	YEAR = {1979},
}

@article {schwartz1980fast,
	AUTHOR = {Schwartz, J. T.},
	TITLE = {Fast probabilistic algorithms for verification of polynomial
	identities},
	JOURNAL = {J. Assoc. Comput. Mach.},
	FJOURNAL = {Journal of the Association for Computing Machinery},
	VOLUME = {27},
	YEAR = {1980},
	NUMBER = {4},
	PAGES = {701--717},
	DOI = {10.1145/322217.322225},
}

@incollection {WeightMargin,
	AUTHOR = {Franks, W. Cole and Reichenbach, Philipp},
	TITLE = {Barriers for recent methods in geodesic optimization},
	BOOKTITLE = {36th {C}omputational {C}omplexity {C}onference},
	SERIES = {LIPIcs. Leibniz Int. Proc. Inform.},
	VOLUME = {200},
	PAGES = {Art. No. 13, 54},
	PUBLISHER = {Schloss Dagstuhl. Leibniz-Zent. Inform., Wadern},
	YEAR = {2021},
	DOI = {10.4230/LIPIcs.CCC.2021.13},
}

@book {MumfordGITbook,
	AUTHOR = {Mumford, D. and Fogarty, J. and Kirwan, F.},
	TITLE = {Geometric invariant theory},
	SERIES = {Ergebnisse der Mathematik und ihrer Grenzgebiete (2) [Results
	in Mathematics and Related Areas (2)]},
	VOLUME = {34},
	EDITION = {Third},
	PUBLISHER = {Springer-Verlag, Berlin},
	YEAR = {1994},
	PAGES = {xiv+292},
	DOI = {10.1007/978-3-642-57916-5},
}

@article {mumford1977stability,
	AUTHOR = {Mumford, David},
	TITLE = {Stability of projective varieties},
	JOURNAL = {Enseign. Math. (2)},
	FJOURNAL = {L'Enseignement Math\'{e}matique. Revue Internationale. 2e S\'{e}rie},
	VOLUME = {23},
	YEAR = {1977},
	NUMBER = {1-2},
	PAGES = {39--110},
	ISSN = {0013-8584},
	MRCLASS = {14D20},
	MRNUMBER = {450272},
	MRREVIEWER = {P. E. Newstead},
}

@book {DolgachevBook,
	AUTHOR = {Dolgachev, Igor},
	TITLE = {Lectures on invariant theory},
	SERIES = {London Mathematical Society Lecture Note Series},
	VOLUME = {296},
	PUBLISHER = {Cambridge University Press, Cambridge},
	YEAR = {2003},
	PAGES = {xvi+220},
	ISBN = {0-521-52548-9},
	DOI = {10.1017/CBO9780511615436},
}

@article {NessStratification,
	AUTHOR = {Ness, Linda},
	TITLE = {A stratification of the null cone via the moment map},
	NOTE = {With an appendix by David Mumford},
	JOURNAL = {Amer. J. Math.},
	FJOURNAL = {American Journal of Mathematics},
	VOLUME = {106},
	YEAR = {1984},
	NUMBER = {6},
	PAGES = {1281--1329},
	DOI = {10.2307/2374395},
}

@book {HallBook,
	AUTHOR = {Hall, Brian},
	TITLE = {Lie groups, {L}ie algebras, and representations},
	SERIES = {Graduate Texts in Mathematics},
	VOLUME = {222},
	EDITION = {Second},
	NOTE = {An elementary introduction},
	PUBLISHER = {Springer, Cham},
	YEAR = {2015},
	PAGES = {xiv+449},
	ISBN = {978-3-319-13466-6},
	DOI = {10.1007/978-3-319-13467-3},
}

@book {LeeSmoothManifolds,
	AUTHOR = {Lee, John M.},
	TITLE = {Introduction to smooth manifolds},
	SERIES = {Graduate Texts in Mathematics},
	VOLUME = {218},
	EDITION = {Second},
	PUBLISHER = {Springer, New York},
	YEAR = {2013},
	PAGES = {xvi+708},
	DOI = {10.1007/978-1-4419-9982-5},
}

@incollection {GradflowFOCS,
	AUTHOR = {B\"{u}rgisser, Peter and Franks, Cole and Garg, Ankit and
	Oliveira, Rafael and Walter, Michael and Wigderson, Avi},
	TITLE = {Towards a theory of non-commutative optimization: geodesic 1st
	and 2nd order methods for moment maps and polytopes},
	BOOKTITLE = {2019 {IEEE} 60th {A}nnual {S}ymposium on {F}oundations of
	{C}omputer {S}cience},
	PAGES = {845--861},
	PUBLISHER = {IEEE Comput. Soc. Press, Los Alamitos, CA},
	YEAR = {2019},
	DOI = {10.1109/FOCS.2019.00055},
}

@misc{GradflowArXiv,
	url = {https://arxiv.org/abs/1910.12375v3},
	AUTHOR = {B\"{u}rgisser, Peter and Franks, Cole and Garg, Ankit and
	Oliveira, Rafael and Walter, Michael and Wigderson, Avi},
	TITLE = {Towards a theory of non-commutative optimization: geodesic 1st
	and 2nd order methods for moment maps and polytopes},
	publisher = {arXiv},
	year = {2019},
}

@inproceedings{KempfNess,
	AUTHOR = {Kempf, George and Ness, Linda},
	TITLE = {The length of vectors in representation spaces},
	BOOKTITLE = {Algebraic geometry ({P}roc. {S}ummer {M}eeting, {U}niv.
	{C}openhagen, {C}openhagen, 1978)},
	SERIES = {Lecture Notes in Math.},
	VOLUME = {732},
	PAGES = {233--243},
	PUBLISHER = {Springer, Berlin},
	YEAR = {1979},
	DOI = {10.1007/BFb0066647},
}

@article {kempf1978instability,
	AUTHOR = {Kempf, George R.},
	TITLE = {Instability in invariant theory},
	JOURNAL = {Ann. of Math. (2)},
	FJOURNAL = {Annals of Mathematics. Second Series},
	VOLUME = {108},
	YEAR = {1978},
	NUMBER = {2},
	PAGES = {299--316},
	ISSN = {0003-486X},
	DOI = {10.2307/1971168},
}

@article {GuilleminSternberg,
	AUTHOR = {Guillemin, V. and Sternberg, S.},
	TITLE = {Convexity properties of the moment mapping. {II}},
	JOURNAL = {Invent. Math.},
	FJOURNAL = {Inventiones Mathematicae},
	VOLUME = {77},
	YEAR = {1984},
	NUMBER = {3},
	PAGES = {533--546},
	DOI = {10.1007/BF01388837},
}

@article {RichardsonSlodowy,
	AUTHOR = {Richardson, R. W. and Slodowy, P. J.},
	TITLE = {Minimum vectors for real reductive algebraic groups},
	JOURNAL = {J. London Math. Soc. (2)},
	FJOURNAL = {Journal of the London Mathematical Society. Second Series},
	VOLUME = {42},
	YEAR = {1990},
	NUMBER = {3},
	PAGES = {409--429},
	DOI = {10.1112/jlms/s2-42.3.409},
}

@incollection {RealGIT,
	AUTHOR = {B\"{o}hm, Christoph and Lafuente, Ramiro A.},
	TITLE = {Real geometric invariant theory},
	BOOKTITLE = {Differential geometry in the large},
	SERIES = {London Math. Soc. Lecture Note Ser.},
	VOLUME = {463},
	PAGES = {11--49},
	PUBLISHER = {Cambridge Univ. Press, Cambridge},
	YEAR = {2021},
	DOI = {10.1017/9781108884136.003},
}

@article {dadok1985polar,
	AUTHOR = {Dadok, Jiri and Kac, Victor},
	TITLE = {Polar representations},
	JOURNAL = {J. Algebra},
	FJOURNAL = {Journal of Algebra},
	VOLUME = {92},
	YEAR = {1985},
	NUMBER = {2},
	PAGES = {504--524},
	DOI = {10.1016/0021-8693(85)90136-X},
}

@article {franz,
	AUTHOR = {Franz, Matthias},
	TITLE = {Moment polytopes of projective {$G$}-varieties and tensor
	products of symmetric group representations},
	JOURNAL = {J. Lie Theory},
	FJOURNAL = {Journal of Lie Theory},
	VOLUME = {12},
	YEAR = {2002},
	NUMBER = {2},
	PAGES = {539--549},
	URL = {https://www.emis.de/journals/JLT/vol.12_no.2/16.html},
}

@article {Sjamaar,
	AUTHOR = {Sjamaar, Reyer},
	TITLE = {Convexity properties of the moment mapping re-examined},
	JOURNAL = {Adv. Math.},
	FJOURNAL = {Advances in Mathematics},
	VOLUME = {138},
	YEAR = {1998},
	NUMBER = {1},
	PAGES = {46--91},
	DOI = {10.1006/aima.1998.1739},
}

@article {alon1997anti,
	AUTHOR = {Alon, Noga and V\~{u}, V\u{a}n H.},
	TITLE = {Anti-{H}adamard matrices, coin weighing, threshold gates, and
	indecomposable hypergraphs},
	JOURNAL = {J. Combin. Theory Ser. A},
	FJOURNAL = {Journal of Combinatorial Theory. Series A},
	VOLUME = {79},
	YEAR = {1997},
	NUMBER = {1},
	PAGES = {133--160},
	DOI = {10.1006/jcta.1997.2780},
}

@article {krav,
	AUTHOR = {Kravtsov, V. M.},
	TITLE = {Combinatorial properties of noninteger vertices of a polytope
	in a three-index axial assignment problem},
	JOURNAL = {Kibernet. Sistem. Anal.},
	FJOURNAL = {Natsional\cprime naya Akademiya Nauk Ukrainy. Institut Kibernetiki
	im. V. M. Glushkova. Kibernetika i Sistemny\u{\i} Analiz},
	VOLUME = {43},
	YEAR = {2007},
	NUMBER = {1},
	PAGES = {33--44, 189},
	DOI = {10.1007/s10559-007-0023-0},
}

@article{luk,
	title={On some properties of noninteger vertices of a three-index axial transportation polytope},
	author={Kravtsov, MK and Lukshin, EV},
	journal={Tr. Inst. Matematiki NAN Belarusi},
	volume={13},
	number={2},
	pages={31--36},
	year={2005}
}

@misc{gurvits2004combinatorial,
	doi = {10.48550/ARXIV.MATH/0404474},
	author = {Gurvits, Leonid},
	title = {Combinatorial and algorithmic aspects of hyperbolic polynomials},
	publisher = {arXiv},
	year = {2004},
}

@article {gurvits2004classical,
	AUTHOR = {Gurvits, Leonid},
	TITLE = {Classical complexity and quantum entanglement},
	JOURNAL = {J. Comput. System Sci.},
	FJOURNAL = {Journal of Computer and System Sciences},
	VOLUME = {69},
	YEAR = {2004},
	NUMBER = {3},
	PAGES = {448--484},
	ISSN = {0022-0000},
	DOI = {10.1016/j.jcss.2004.06.003},
}

@inproceedings{gurvits2006hyperbolic,
	title={Hyperbolic polynomials approach to Van der Waerden/Schrijver-Valiant like conjectures: sharper bounds, simpler proofs and algorithmic applications},
	author={Gurvits, Leonid},
	booktitle={Proceedings of the thirty-eighth annual ACM symposium on Theory of computing},
	pages={417--426},
	year={2006},
	doi={10.1145/1132516.1132578},
	url={https://arxiv.org/abs/math/0510452},
}

@article{popov1989closed,
	doi = {10.1070/SM1989v063n02ABEH003280},
	year = {1989},
	publisher = {},
	volume = {63},
	number = {2},
	pages = {375},
	author = {V L Popov},
	title = {Closed orbits of {B}orel subgroups},
	journal = {Mathematics of the USSR-Sbornik},
}

@Inbook{PopovVinberg,
	author={Popov, V. L.
	and Vinberg, E. B.},
	editor={Parshin, A. N.
	and Shafarevich, I. R.},
	title={Invariant Theory},
	bookTitle={Algebraic Geometry IV: Linear Algebraic Groups Invariant Theory},
	year={1994},
	publisher={Springer Berlin Heidelberg},
	address={Berlin, Heidelberg},
	pages={123--278},
	isbn={978-3-662-03073-8},
	doi={10.1007/978-3-662-03073-8_2},
}

@article{MaciazekSawicki2018,
	doi = {10.1088/1751-8121/aaa4d7},
	year = {2018},
	publisher = {{IOP} Publishing},
	volume = {51},
	number = {7},
	pages = {07LT01},
	author = {Tomasz Maci{\k{a}}{\.{z}}ek and Adam Sawicki},
	title = {Asymptotic properties of entanglement polytopes for large number of qubits},
	journal = {Journal of Physics A: Mathematical and Theoretical},
}

@article{MaciazekSawicki2015,
	doi = {10.1088/1751-8113/48/4/045305},
	year = {2015},
	publisher = {{IOP} Publishing},
	volume = {48},
	number = {4},
	pages = {045305},
	author = {Tomasz Maci{\k{a}}{\.{z}}ek and Adam Sawicki},
	title = {Critical points of the linear entropy for {pure L}-qubit states},
	journal = {Journal of Physics A: Mathematical and Theoretical},
}

@article {sawicki2014convexity,
	AUTHOR = {Sawicki, Adam and Oszmaniec, Micha{\l} and Ku\'{s}, Marek},
	TITLE = {Convexity of momentum map, {M}orse index, and quantum
	entanglement},
	JOURNAL = {Rev. Math. Phys.},
	FJOURNAL = {Reviews in Mathematical Physics. A Journal for Both Review and
	Original Research Papers in the Field of Mathematical Physics},
	VOLUME = {26},
	YEAR = {2014},
	NUMBER = {3},
	PAGES = {1450004, 39},
	ISSN = {0129-055X},
	DOI = {10.1142/S0129055X14500044},
}

@book {weyl1946classical,
	AUTHOR = {Weyl, Hermann},
	TITLE = {The {C}lassical {G}roups. {T}heir {I}nvariants and
	{R}epresentations},
	PUBLISHER = {Princeton University Press, Princeton, N.J.},
	YEAR = {1939},
	PAGES = {xii+302},
	DOI = {10.1515/9781400883905},
}

@InProceedings{garg2019search,
	author =	{Ankit Garg and Christian Ikenmeyer and Visu Makam and Rafael Oliveira and Michael Walter and Avi Wigderson},
	title =	{{Search Problems in Algebraic Complexity, GCT, and Hardness of Generators for Invariant Rings}},
	booktitle =	{35th Computational Complexity Conference (CCC 2020)},
	pages =	{12:1--12:17},
	series =	{Leibniz International Proceedings in Informatics (LIPIcs)},
	ISBN =	{978-3-95977-156-6},
	ISSN =	{1868-8969},
	year =	{2020},
	volume =	{169},
	doi =		{10.4230/LIPIcs.CCC.2020.12},
}

@article {gargOliveira2018Survey,
	AUTHOR = {Garg, Ankit and Oliveira, Rafael},
	TITLE = {Recent progress on scaling algorithms and applications},
	JOURNAL = {Bull. Eur. Assoc. Theor. Comput. Sci. EATCS},
	FJOURNAL = {Bulletin of the European Association for Theoretical Computer
	Science. EATCS},
	NUMBER = {125},
	YEAR = {2018},
	PAGES = {14--49},
	ISSN = {0252-9742},
	url={http://eatcs.org/beatcs/index.php/beatcs/article/view/533},
	url2={https://arxiv.org/abs/1808.09669},
}

@article {garg2018BrascampLieb,
	AUTHOR = {Garg, Ankit and Gurvits, Leonid and Oliveira, Rafael and
	Wigderson, Avi},
	TITLE = {Algorithmic and optimization aspects of {B}rascamp-{L}ieb
	inequalities, via operator scaling},
	JOURNAL = {Geom. Funct. Anal.},
	FJOURNAL = {Geometric and Functional Analysis},
	VOLUME = {28},
	YEAR = {2018},
	NUMBER = {1},
	PAGES = {100--145},
	ISSN = {1016-443X},
	DOI = {10.1007/s00039-018-0434-2},
}

@inproceedings{garg2016deterministic,
	title={A deterministic polynomial time algorithm for non-commutative rational identity testing},
	author={Garg, Ankit and Gurvits, Leonid and Oliveira, Rafael and Wigderson, Avi},
	booktitle={2016 IEEE 57th Annual Symposium on Foundations of Computer Science (FOCS)},
	pages={109--117},
	year={2016},
	organization={IEEE},
	doi = {10.1109/FOCS.2016.95},
	url = {https://arxiv.org/abs/1511.03730},
	}



@article {mulmuley2017geometric,
	AUTHOR = {Mulmuley, Ketan D.},
	TITLE = {Geometric complexity theory {V}: {E}fficient algorithms for
	{N}oether normalization},
	JOURNAL = {J. Amer. Math. Soc.},
	FJOURNAL = {Journal of the American Mathematical Society},
	VOLUME = {30},
	YEAR = {2017},
	NUMBER = {1},
	PAGES = {225--309},
	ISSN = {0894-0347},
	DOI = {10.1090/jams/864},
}

@article {dieudonneCarrell1970,
	AUTHOR = {Dieudonn\'{e}, Jean A. and Carrell, James B.},
	TITLE = {Invariant theory, old and new},
	JOURNAL = {Advances in Math.},
	FJOURNAL = {Advances in Mathematics},
	VOLUME = {4},
	YEAR = {1970},
	PAGES = {1--80 (1970)},
	ISSN = {0001-8708},
	DOI = {10.1016/0001-8708(70)90015-0},
}

@book {SturmfelsBookInvariant,
	AUTHOR = {Sturmfels, Bernd},
	TITLE = {Algorithms in invariant theory},
	SERIES = {Texts and Monographs in Symbolic Computation},
	EDITION = {Second},
	PUBLISHER = {SpringerWienNewYork, Vienna},
	YEAR = {2008},
	PAGES = {vi+197},
	ISBN = {978-3-211-77416-8},
	DOI = {10.1007/978-3-211-77417-5},
}

@book {DerksenKemperBook,
	AUTHOR = {Derksen, Harm and Kemper, Gregor},
	TITLE = {Computational invariant theory},
	SERIES = {Encyclopaedia of Mathematical Sciences},
	VOLUME = {130},
	EDITION = {enlarged},
	NOTE = {With two appendices by Vladimir L. Popov, and an addendum by
	Norbert A'Campo and Popov,
	Invariant Theory and Algebraic Transformation Groups, VIII},
	PUBLISHER = {Springer, Heidelberg},
	YEAR = {2015},
	PAGES = {xxii+366},
	ISBN = {978-3-662-48420-3},
	DOI = {10.1007/978-3-662-48422-7},
}

@article{kraft1996classical,
	title={Classical invariant theory, a primer},
	author={Kraft, Hanspeter and Procesi, Claudio},
	journal={Lecture Notes. Preliminary version},
	year={1996},
	url = {http://www.math.iitb.ac.in/~shripad/Wilberd/KP-Primer.pdf}
}

@article {Hilbert1890,
	AUTHOR = {Hilbert, David},
	TITLE = {Ueber die {T}heorie der algebraischen {F}ormen},
	JOURNAL = {Math. Ann.},
	FJOURNAL = {Mathematische Annalen},
	VOLUME = {36},
	YEAR = {1890},
	NUMBER = {4},
	PAGES = {473--534},
	ISSN = {0025-5831},
	DOI = {10.1007/BF01208503},
}

@article {Hilbert1893,
	AUTHOR = {Hilbert, David},
	TITLE = {Ueber die vollen {I}nvariantensysteme},
	JOURNAL = {Math. Ann.},
	FJOURNAL = {Mathematische Annalen},
	VOLUME = {42},
	YEAR = {1893},
	NUMBER = {3},
	PAGES = {313--373},
	ISSN = {0025-5831},
	DOI = {10.1007/BF01444162},
}

@techreport{hagberg2008exploring,
	title={Exploring network structure, dynamics, and function using NetworkX},
	author={Hagberg, Aric and Swart, Pieter and S Chult, Daniel},
	year={2008},
	institution={Los Alamos National Lab.(LANL), Los Alamos, NM (United States)}
}

@misc{idel2016review,
	doi = {10.48550/ARXIV.1609.06349},
	author = {Idel, Martin},
	title = {A review of matrix scaling and {S}inkhorn's normal form for matrices and positive maps},
	publisher = {arXiv},
	year = {2016},
}

@misc{franks2022shrunk,
	doi = {10.48550/ARXIV.2207.08311},
	author = {Franks, Cole and Soma, Tasuku and Goemans, Michel X.},
	title = {Shrunk subspaces via operator {S}inkhorn iteration},
	publisher = {arXiv},
	year = {2022},
}

@article {rosenlicht1961onQuotient,
	AUTHOR = {Rosenlicht, Maxwell},
	TITLE = {On quotient varieties and the affine embedding of certain
	homogeneous spaces},
	JOURNAL = {Trans. Amer. Math. Soc.},
	FJOURNAL = {Transactions of the American Mathematical Society},
	VOLUME = {101},
	YEAR = {1961},
	PAGES = {211--223},
	ISSN = {0002-9947},
	DOI = {10.2307/1993371},
}

@inproceedings {dogan2021torus,
	AUTHOR = {B\"{u}rgisser, Peter and Do\u{g}an, M. Levent and Makam, Visu and
	Walter, Michael and Wigderson, Avi},
	TITLE = {Polynomial {T}ime {A}lgorithms in {I}nvariant {T}heory for {T}orus
	{A}ctions},
	BOOKTITLE = {36th {C}omputational {C}omplexity {C}onference},
	SERIES = {LIPIcs. Leibniz Int. Proc. Inform.},
	VOLUME = {200},
	PAGES = {Art. No. 32, 30},
	PUBLISHER = {Schloss Dagstuhl. Leibniz-Zent. Inform., Wadern},
	YEAR = {2021},
	DOI = {10.4230/LIPIcs.CCC.2021.32},
}

@book {KraftBook,
	AUTHOR = {Kraft, Hanspeter},
	TITLE = {Geometrische {M}ethoden in der {I}nvariantentheorie},
	SERIES = {Aspects of Mathematics, D1},
	PUBLISHER = {Friedr. Vieweg \& Sohn, Braunschweig},
	YEAR = {1984},
	PAGES = {x+308},
	ISBN = {3-528-08525-8},
	DOI = {10.1007/978-3-322-83813-1},
}

@article {birkes1971orbits,
	AUTHOR = {Birkes, David},
	TITLE = {Orbits of linear algebraic groups},
	JOURNAL = {Ann. of Math. (2)},
	FJOURNAL = {Annals of Mathematics. Second Series},
	VOLUME = {93},
	YEAR = {1971},
	PAGES = {459--475},
	ISSN = {0003-486X},
	DOI = {10.2307/1970884},
}

@article {sinkhornClassical1964,
	AUTHOR = {Sinkhorn, Richard},
	TITLE = {A relationship between arbitrary positive matrices and doubly
	stochastic matrices},
	JOURNAL = {Ann. Math. Statist.},
	FJOURNAL = {Annals of Mathematical Statistics},
	VOLUME = {35},
	YEAR = {1964},
	PAGES = {876--879},
	ISSN = {0003-4851},
	DOI = {10.1214/aoms/1177703591},
}

@article {sinkhorn1967concerning,
	AUTHOR = {Sinkhorn, Richard and Knopp, Paul},
	TITLE = {Concerning nonnegative matrices and doubly stochastic
	matrices},
	JOURNAL = {Pacific J. Math.},
	FJOURNAL = {Pacific Journal of Mathematics},
	VOLUME = {21},
	YEAR = {1967},
	PAGES = {343--348},
	ISSN = {0030-8730},
	URL = {http://projecteuclid.org/euclid.pjm/1102992505},
}

@inproceedings{cuturi2013sinkhorn,
	author = {Cuturi, Marco},
	booktitle = {Advances in Neural Information Processing Systems},
	editor = {C.J. Burges and L. Bottou and M. Welling and Z. Ghahramani and K.Q. Weinberger},
	pages = {2292--2300},
	publisher = {Curran Associates, Inc.},
	title = {Sinkhorn {D}istances: {L}ightspeed {C}omputation of {O}ptimal Transport},
	url = {https://proceedings.neurips.cc/paper/2013/file/af21d0c97db2e27e13572cbf59eb343d-Paper.pdf},
	volume = {26},
	year = {2013},
}

@incollection{parlett1971balancing,
	author = {Parlett, Beresford N. and Reinsch, Christian},
	booktitle = {Handbook for Automatic Computation},
	pages = {315--326},
	publisher = {Springer},
	title = {Balancing a matrix for calculation of eigenvalues and eigenvectors},
	year = {1971},
	doi = {10.1007/978-3-642-86940-2_22},
}

@inproceedings{allen2018operator,
	title={Operator scaling via geodesically convex optimization, invariant theory and polynomial identity testing},
	author={Allen-Zhu, Zeyuan and Garg, Ankit and Li, Yuanzhi and Oliveira, Rafael and Wigderson, Avi},
	booktitle={Proceedings of the 50th Annual ACM SIGACT Symposium on Theory of Computing},
	pages={172--181},
	year={2018},
	doi = {10.1145/3188745.3188942},
}

@article{altschuler2022polynomial,
	title={Polynomial-time algorithms for multimarginal optimal transport problems with structure},
	author={Altschuler, Jason M and Boix-Adsera, Enric},
	journal={Mathematical Programming},
	pages={1--72},
	year={2022},
	publisher={Springer},
	doi = {10.1007/s10107-022-01868-7},
}

@inproceedings{hardt2013algorithms,
	title={Algorithms and hardness for robust subspace recovery},
	author={Hardt, Moritz and Moitra, Ankur},
	booktitle={Conference on Learning Theory},
	pages={354--375},
	year={2013},
	organization={PMLR},
	url = {https://proceedings.mlr.press/v30/Hardt13.html},
}

@inproceedings{straszak2019computing,
	title={Maximum entropy distributions: Bit complexity and stability},
	author={Straszak, Damian and Vishnoi, Nisheeth K},
	booktitle={Conference on Learning Theory},
	pages={2861--2891},
	year={2019},
	organization={PMLR},
	url = {https://proceedings.mlr.press/v99/straszak19a.html},
}

@inproceedings{anari2018log,
	author = {Anari, Nima and Gharan, Shayan Oveis and Vinzant, Cynthia},
	booktitle = {2018 IEEE 59th Annual Symposium on Foundations of Computer Science (FOCS)},
	organization = {IEEE},
	pages = {35--46},
	title = {Log-concave polynomials, entropy, and a deterministic approximation algorithm for counting bases of matroids},
	year = {2018},
	doi = {10.1109/FOCS.2018.00013},
}

@incollection{forbes2013explicit,
	author = {Forbes, Michael A and Shpilka, Amir},
	booktitle = {Approximation, Randomization, and Combinatorial Optimization. Algorithms and Techniques},
	pages = {527--542},
	publisher = {Springer},
	title = {Explicit noether normalization for simultaneous conjugation via polynomial identity testing},
	year = {2013},
	doi = {10.1007/978-3-642-40328-6_37},
}

@article{ivanyos2017constructive,
	AUTHOR = {Ivanyos, G\'{a}bor and Qiao, Youming and Subrahmanyam, K. V.},
	TITLE = {Constructive non-commutative rank computation is in
	deterministic polynomial time},
	JOURNAL = {Comput. Complexity},
	FJOURNAL = {Computational Complexity},
	VOLUME = {27},
	YEAR = {2018},
	NUMBER = {4},
	PAGES = {561--593},
	ISSN = {1016-3328},
	DOI = {10.1007/s00037-018-0165-7},
}

@book{absil2008optimization,
	author = {Absil, P.-A. and Mahony, R. and Sepulchre, R.},
	doi = {10.1515/9781400830244},
	isbn = {978-0-691-13298-3},
	note = {With a foreword by Paul Van Dooren},
	pages = {xvi+224},
	publisher = {Princeton University Press, Princeton, NJ},
	title = {Optimization algorithms on matrix manifolds},
	year = {2008},
}

@inproceedings{zhang2016first,
	author = {Zhang, Hongyi and Sra, Suvrit},
	booktitle = {Conference on Learning Theory},
	organization = {PMLR},
	pages = {1617--1638},
	title = {First-order methods for geodesically convex optimization},
	year = {2016},
	url = {https://proceedings.mlr.press/v49/zhang16b.html},
}

@inproceedings{singh2014entropy,
	title={Entropy, optimization and counting},
	author={Singh, Mohit and Vishnoi, Nisheeth K},
	booktitle={Proceedings of the forty-sixth annual ACM symposium on Theory of computing},
	pages={50--59},
	year={2014},
	doi = {10.1145/2591796.2591803},
}

@article {linial2000deterministic,
	AUTHOR = {Linial, Nathan and Samorodnitsky, Alex and Wigderson, Avi},
	TITLE = {A deterministic strongly polynomial algorithm for matrix
	scaling and approximate permanents},
	JOURNAL = {Combinatorica},
	FJOURNAL = {Combinatorica. An International Journal on Combinatorics and
	the Theory of Computing},
	VOLUME = {20},
	YEAR = {2000},
	NUMBER = {4},
	PAGES = {545--568},
	ISSN = {0209-9683},
	DOI = {10.1007/s004930070007},
}

@article {linial2014vertices,
	AUTHOR = {Linial, Nathan and Luria, Zur},
	TITLE = {On the vertices of the {$d$}-dimensional {B}irkhoff polytope},
	JOURNAL = {Discrete Comput. Geom.},
	FJOURNAL = {Discrete \& Computational Geometry. An International Journal
	of Mathematics and Computer Science},
	VOLUME = {51},
	YEAR = {2014},
	NUMBER = {1},
	PAGES = {161--170},
	ISSN = {0179-5376},
	DOI = {10.1007/s00454-013-9554-5},
}

@article{lin2022complexity,
	title={On the complexity of approximating multimarginal optimal transport},
	author={Lin, Tianyi and Ho, Nhat and Cuturi, Marco and Jordan, Michael I},
	journal={J. Mach. Learn. Res},
	volume={23},
	pages={1--43},
	year={2022},
	url={http://jmlr.org/papers/v23/19-843.html},
}

@incollection {cohen2017matrix,
	AUTHOR = {Cohen, Michael B. and Madry, Aleksander and Tsipras, Dimitris
	and Vladu, Adrian},
	TITLE = {Matrix scaling and balancing via box constrained {N}ewton's
	method and interior point methods},
	BOOKTITLE = {58th {A}nnual {IEEE} {S}ymposium on {F}oundations of
	{C}omputer {S}cience---{FOCS} 2017},
	PAGES = {902--913},
	PUBLISHER = {IEEE Computer Soc., Los Alamitos, CA},
	YEAR = {2017},
	DOI = {10.1109/FOCS.2017.88},
}

@book {bhatia2007positive,
	AUTHOR = {Bhatia, Rajendra},
	TITLE = {Positive definite matrices},
	SERIES = {Princeton Series in Applied Mathematics},
	PUBLISHER = {Princeton University Press, Princeton, NJ},
	YEAR = {2007},
	PAGES = {x+254},
	ISBN = {978-0-691-12918-1},
	DOI = {10.1515/9781400827787},
}

@article{rusciano2020riemannian,
	AUTHOR = {Rusciano, Alexander},
	TITLE = {A {R}iemannian {C}orollary of {H}elly's theorem},
	JOURNAL = {J. Convex Anal.},
	FJOURNAL = {Journal of Convex Analysis},
	VOLUME = {27},
	YEAR = {2020},
	NUMBER = {4},
	PAGES = {1261--1275},
	ISSN = {0944-6532},
	URL = {https://www.heldermann.de/JCA/JCA27/JCA274/jca27067.htm}
}

@misc{hamilton2021no,
	author = {Hamilton, Linus and Moitra, Ankur},
	doi = {10.48550/ARXIV.2101.05657},
	title = {No-go {T}heorem for {A}cceleration in the {H}yperbolic {P}lane},
	publisher = {arXiv},
	year = {2021},
}

@book {BoumalBook,
	AUTHOR = {Boumal, Nicolas},
	TITLE = {An introduction to optimization on smooth manifolds},
	PUBLISHER = {Cambridge University Press, Cambridge},
	YEAR = {2023},
	PAGES = {xviii+338},
	ISBN = {978-1-009-16617-1},
	DOI = {10.1017/9781009166164},
}

@book {bacak2014convex,
	AUTHOR = {Ba\v{c}\'{a}k, Miroslav},
	TITLE = {Convex analysis and optimization in {H}adamard spaces},
	SERIES = {De Gruyter Series in Nonlinear Analysis and Applications},
	VOLUME = {22},
	PUBLISHER = {De Gruyter, Berlin},
	YEAR = {2014},
	PAGES = {viii+185},
	ISBN = {978-3-11-036103-2},
	DOI = {10.1515/9783110361629},
}

@book {BridsonHaefligerBook,
	AUTHOR = {Bridson, Martin R. and Haefliger, Andr\'{e}},
	TITLE = {Metric spaces of non-positive curvature},
	SERIES = {Grundlehren der mathematischen Wissenschaften [Fundamental
	Principles of Mathematical Sciences]},
	VOLUME = {319},
	PUBLISHER = {Springer-Verlag, Berlin},
	YEAR = {1999},
	PAGES = {xxii+643},
	ISBN = {3-540-64324-9},
	DOI = {10.1007/978-3-662-12494-9},
}

@misc{haroldEtAl2022minimal,
	doi = {10.48550/ARXIV.2209.14358},
	author = {Acuaviva, Arturo and Makam, Visu and Nieuwboer, Harold and Pérez-García, David and Sittner, Friedrich and Walter, Michael and Witteveen, Freek},
	title = {The minimal canonical form of a tensor network},
	publisher = {arXiv},
	year = {2022},
}

@incollection {haroldEtAL2021Quantum,
	AUTHOR = {van Apeldoorn, Joran and Gribling, Sander and Li, Yinan and
	Nieuwboer, Harold and Walter, Michael and de Wolf, Ronald},
	TITLE = {Quantum algorithms for matrix scaling and matrix balancing},
	BOOKTITLE = {48th {I}nternational {C}olloquium on {A}utomata, {L}anguages,
	and {P}rogramming},
	SERIES = {LIPIcs. Leibniz Int. Proc. Inform.},
	VOLUME = {198},
	PAGES = {Art. No. 110, 17},
	PUBLISHER = {Schloss Dagstuhl. Leibniz-Zent. Inform., Wadern},
	YEAR = {2021},
	DOI = {10.4230/LIPIcs.ICALP.2021.110},
}

@incollection {haroldEtAL2022Improved,
	AUTHOR = {Gribling, Sander and Nieuwboer, Harold},
	TITLE = {Improved quantum lower and upper bounds for matrix scaling},
	BOOKTITLE = {39th {I}nternational {S}ymposium on {T}heoretical {A}spects of
	{C}omputer {S}cience},
	SERIES = {LIPIcs. Leibniz Int. Proc. Inform.},
	VOLUME = {219},
	PAGES = {Art. No. 35, 23},
	PUBLISHER = {Schloss Dagstuhl. Leibniz-Zent. Inform., Wadern},
	YEAR = {2022},
	DOI = {10.4230/LIPIcs.STACS.2022.35},
}

@article {ecker1980geometric,
	AUTHOR = {Ecker, J. G.},
	TITLE = {Geometric programming: methods, computations and applications},
	JOURNAL = {SIAM Rev.},
	FJOURNAL = {SIAM Review. A Publication of the Society for Industrial and
	Applied Mathematics},
	VOLUME = {22},
	YEAR = {1980},
	NUMBER = {3},
	PAGES = {338--362},
	ISSN = {0036-1445},
	DOI = {10.1137/1022058},
}

@article{boyd2007tutorial,
	title={A tutorial on geometric programming},
	author={Boyd, Stephen and Kim, Seung-Jean and Vandenberghe, Lieven and Hassibi, Arash},
	journal={Optimization and engineering},
	volume={8},
	number={1},
	pages={67--127},
	year={2007},
	publisher={Springer},
	DOI = {10.1007/s11081-007-9001-7},
}

@book {duffin1967geometric,
	AUTHOR = {Duffin, Richard J. and Peterson, Elmor L. and Zener, Clarence},
	TITLE = {Geometric programming: {T}heory and application},
	PUBLISHER = {John Wiley \& Sons, Inc., New York-London-Sydney},
	YEAR = {1967},
	PAGES = {xi+278},
}

@article {peterson1976geometric,
	AUTHOR = {Peterson, Elmor L.},
	TITLE = {Geometric programming},
	JOURNAL = {SIAM Rev.},
	FJOURNAL = {SIAM Review. A Publication of the Society for Industrial and
	Applied Mathematics},
	VOLUME = {18},
	YEAR = {1976},
	NUMBER = {1},
	PAGES = {1--51},
	ISSN = {0036-1445},
	DOI = {10.1137/1018001},
}

@inproceedings{franks2020rigorous,
	title={Rigorous guarantees for Tyler’s M-estimator via quantum expansion},
	author={Franks, William Cole and Moitra, Ankur},
	booktitle={Conference on Learning Theory},
	pages={1601--1632},
	year={2020},
	organization={PMLR},
	url={http://proceedings.mlr.press/v125/franks20a.html},
}

@article {karmarkar1984new,
	AUTHOR = {Karmarkar, N.},
	TITLE = {A new polynomial-time algorithm for linear programming},
	JOURNAL = {Combinatorica},
	FJOURNAL = {Combinatorica. An International Journal of the J\'{a}nos Bolyai
	Mathematical Society},
	VOLUME = {4},
	YEAR = {1984},
	NUMBER = {4},
	PAGES = {373--395},
	ISSN = {0209-9683},
	DOI = {10.1007/BF02579150},
}

@inproceedings{klyachko2006quantum,
	title={Quantum marginal problem and N-representability},
	author={Klyachko, Alexander A},
	booktitle={Journal of Physics: Conference Series},
	volume={36},
	number={1},
	pages={014},
	year={2006},
	organization={IOP Publishing},
	doi={10.1088/1742-6596/36/1/014},
}

@article {brascamp1976best,
	AUTHOR = {Brascamp, Herm Jan and Lieb, Elliott H.},
	TITLE = {Best constants in {Y}oung's inequality, its converse, and its
	generalization to more than three functions},
	JOURNAL = {Advances in Math.},
	FJOURNAL = {Advances in Mathematics},
	VOLUME = {20},
	YEAR = {1976},
	NUMBER = {2},
	PAGES = {151--173},
	ISSN = {0001-8708},
	DOI = {10.1016/0001-8708(76)90184-5},
}

@article {lieb1990gaussian,
	AUTHOR = {Lieb, Elliott H.},
	TITLE = {Gaussian kernels have only {G}aussian maximizers},
	JOURNAL = {Invent. Math.},
	FJOURNAL = {Inventiones Mathematicae},
	VOLUME = {102},
	YEAR = {1990},
	NUMBER = {1},
	PAGES = {179--208},
	ISSN = {0020-9910},
	DOI = {10.1007/BF01233426},
}

@phdthesis{walterPhDthesis,
	doi = {10.3929/ETHZ-A-010250985},
	url = {https://arxiv.org/abs/1410.6820},
	author = {Walter, Michael},
	title = {Multipartite Quantum States and their Marginals},
	publisher = {ETH Zurich},
	year = {2014},
}

@book {NewsteadBook,
	AUTHOR = {Newstead, P. E.},
	TITLE = {Introduction to moduli problems and orbit spaces},
	SERIES = {Tata Institute of Fundamental Research Lectures on Mathematics
	and Physics},
	VOLUME = {51},
	PUBLISHER = {Tata Institute of Fundamental Research, Bombay; Narosa
	Publishing House, New Delhi},
	YEAR = {1978},
	PAGES = {vi+183},
	ISBN = {0-387-08851-2},
}

@article {rothblum1989scalings,
	AUTHOR = {Rothblum, Uriel G. and Schneider, Hans},
	TITLE = {Scalings of matrices which have prespecified row sums and
	column sums via optimization},
	JOURNAL = {Linear Algebra Appl.},
	FJOURNAL = {Linear Algebra and its Applications},
	VOLUME = {114/115},
	YEAR = {1989},
	PAGES = {737--764},
	ISSN = {0024-3795},
	DOI = {10.1016/0024-3795(89)90491-6},
}

@misc{OptimalSampleComplexity,
	url = {https://arxiv.org/abs/2110.07583v2},
	author = {Franks, Cole and Oliveira, Rafael and Ramachandran, Akshay and Walter, Michael},
	title = {Near optimal sample complexity for matrix and tensor normal models via geodesic convexity},
	publisher = {arXiv},
	year = {2021},
}

@article {CVZ,
	AUTHOR = {Christandl, Matthias and Vrana, P\'{e}ter and Zuiddam, Jeroen},
	TITLE = {Universal points in the asymptotic spectrum of tensors},
	JOURNAL = {J. Amer. Math. Soc.},
	FJOURNAL = {Journal of the American Mathematical Society},
	VOLUME = {36},
	YEAR = {2023},
	NUMBER = {1},
	PAGES = {31--79},
	ISSN = {0894-0347},
	DOI = {10.1090/jams/996},
}

@misc{hoskinsLectureModuli,
	author={Hoskins, Victoria},
	title={Moduli Problems and Geometric Invariant Theory},
	year={2015},
	note={Lecture Notes},
	url={https://www.math.ru.nl/~vhoskins/M15_Lecture_notes.pdf},
}

@inproceedings {leake2020ContEntropySTOC,
	AUTHOR = {Leake, Jonathan and Vishnoi, Nisheeth K.},
	TITLE = {On the computability of continuous maximum entropy
	distributions with applications},
	BOOKTITLE = {S{TOC} '20---{P}roceedings of the 52nd {A}nnual {ACM} {SIGACT}
	{S}ymposium on {T}heory of {C}omputing},
	PAGES = {930--943},
	PUBLISHER = {ACM, New York},
	YEAR = {2020},
	DOI = {10.1145/3357713.3384302},
	URL = {https://arxiv.org/abs/2004.07403},
}

@article {leake2022ContEntropyJournal,
	AUTHOR = {Leake, Jonathan and Vishnoi, Nisheeth K.},
	TITLE = {On the computability of continuous maximum entropy
	distributions with applications},
	JOURNAL = {SIAM J. Comput.},
	FJOURNAL = {SIAM Journal on Computing},
	VOLUME = {51},
	YEAR = {2022},
	NUMBER = {5},
	PAGES = {1451--1505},
	DOI = {10.1137/21M1440864},
	URL = {https://doi.org/10.1137/21M1440864},
}

@article {makam2021NotAnullcone,
	AUTHOR = {Makam, Visu and Wigderson, Avi},
	TITLE = {Singular tuples of matrices is not a null cone (and the
	symmetries of algebraic varieties)},
	JOURNAL = {J. Reine Angew. Math.},
	FJOURNAL = {Journal f\"{u}r die Reine und Angewandte Mathematik. [Crelle's
	Journal]},
	VOLUME = {780},
	YEAR = {2021},
	PAGES = {79--131},
	ISSN = {0075-4102},
	DOI = {10.1515/crelle-2021-0044},
}

@article {BuchbergerPhDJournal,
	AUTHOR = {Buchberger, B.},
	TITLE = {Ein algorithmisches {K}riterium f\"{u}r die {L}\"{o}sbarkeit eines
	algebraischen {G}leichungssystems},
	JOURNAL = {Aequationes Math.},
	FJOURNAL = {Aequationes Mathematicae},
	VOLUME = {4},
	YEAR = {1970},
	PAGES = {374--383},
	ISSN = {0001-9054},
	DOI = {10.1007/BF01844169},
}

@article {BuchbergerPhDTranslation,
	AUTHOR = {Buchberger, Bruno},
	TITLE = {An algorithm for finding the basis elements of the residue
	class ring of a zero dimensional polynomial ideal},
	NOTE = {Translated from the 1965 German original by Michael P.
	Abramson},
	JOURNAL = {J. Symbolic Comput.},
	FJOURNAL = {Journal of Symbolic Computation},
	VOLUME = {41},
	YEAR = {2006},
	NUMBER = {3-4},
	PAGES = {475--511},
	ISSN = {0747-7171},
	DOI = {10.1016/j.jsc.2005.09.007},
}

@article {HallMarriage,
	AUTHOR = {Hall, P.},
	TITLE = {On {R}epresentatives of {S}ubsets},
	JOURNAL = {J. London Math. Soc.},
	FJOURNAL = {The Journal of the London Mathematical Society},
	VOLUME = {10},
	YEAR = {1935},
	NUMBER = {1},
	PAGES = {26--30},
	ISSN = {0024-6107},
	MRCLASS = {DML},
	MRNUMBER = {1581694},
	DOI = {10.1112/jlms/s1-10.37.26},
}

@article{dutilleul1999mle,
	title={{The MLE algorithm for the matrix normal distribution}},
	author={Dutilleul, Pierre},
	journal={J. Stat. Comput. Simul.},
	fjournal={Journal of statistical computation and simulation},
	volume={64},
	number={2},
	pages={105--123},
	year={1999},
	publisher={Taylor \& Francis},
	doi = {10.1080/00949659908811970},
}

@article{lu2005likelihood,
	title={The likelihood ratio test for a separable covariance matrix},
	author={Lu, N. and Zimmerman, D.L.},
	journal={Stat. Probab. Lett.},
	fjournal={Statistics \& probability letters},
	volume={73},
	number={4},
	pages={449--457},
	year={2005},
	publisher={Elsevier},
	DOI = {10.1016/j.spl.2005.04.020},
}

@article {werner2008onEstimation,
	AUTHOR = {Werner, Karl and Jansson, Magnus and Stoica, Petre},
	TITLE = {On estimation of covariance matrices with {K}ronecker product
	structure},
	JOURNAL = {IEEE Trans. Signal Process.},
	FJOURNAL = {IEEE Transactions on Signal Processing},
	VOLUME = {56},
	YEAR = {2008},
	NUMBER = {2},
	PAGES = {478--491},
	ISSN = {1053-587X},
	DOI = {10.1109/TSP.2007.907834},
}

@article {gualarnau1999volume,
	AUTHOR = {Gual-Arnau, X. and Naveira, A. M.},
	TITLE = {Volume of tubes in noncompact symmetric spaces},
	JOURNAL = {Publ. Math. Debrecen},
	FJOURNAL = {Publicationes Mathematicae Debrecen},
	VOLUME = {54},
	YEAR = {1999},
	NUMBER = {3-4},
	PAGES = {313--320},
	ISSN = {0033-3883},
}

@book {GoodmanWallachBook,
	AUTHOR = {Goodman, Roe and Wallach, Nolan R.},
	TITLE = {Symmetry, representations, and invariants},
	SERIES = {Graduate Texts in Mathematics},
	VOLUME = {255},
	PUBLISHER = {Springer, Dordrecht},
	YEAR = {2009},
	PAGES = {xx+716},
	ISBN = {978-0-387-79851-6},
	DOI = {10.1007/978-0-387-79852-3},
}

@incollection {ishi2021Convex,
	AUTHOR = {Ishi, Hideyuki},
	TITLE = {On {G}aussian group convex models},
	BOOKTITLE = {Geometric science of information},
	SERIES = {Lecture Notes in Comput. Sci.},
	VOLUME = {12829},
	PAGES = {256--264},
	PUBLISHER = {Springer, Cham},
	YEAR = {2021},
	DOI = {10.1007/978-3-030-80209-7_29},
}

@article {AtiyahConvexity,
	AUTHOR = {Atiyah, M. F.},
	TITLE = {Convexity and commuting {H}amiltonians},
	JOURNAL = {Bull. London Math. Soc.},
	FJOURNAL = {The Bulletin of the London Mathematical Society},
	VOLUME = {14},
	YEAR = {1982},
	NUMBER = {1},
	PAGES = {1--15},
	ISSN = {0024-6093},
	DOI = {10.1112/blms/14.1.1},
	URL = {https://doi.org/10.1112/blms/14.1.1},
}

@article {Sury,
	AUTHOR = {Sury, B.},
	TITLE = {An elementary proof of the {H}ilbert-{M}umford criterion},
	JOURNAL = {Electron. J. Linear Algebra},
	FJOURNAL = {Electronic Journal of Linear Algebra},
	VOLUME = {7},
	YEAR = {2000},
	PAGES = {174--177},
	DOI = {10.13001/1081-3810.1053},
}

@phdthesis{Szekelyhidi,
	author = {G. Sz{\'e}kelyhidi},
	school = {Imperial College, University of London},
	title ={{Extremal metrics and K-stability}},
	year = {2006},
}

@article {MLEloglinear,
	AUTHOR = {Fienberg, Stephen E. and Rinaldo, Alessandro},
	TITLE = {Maximum likelihood estimation in log-linear models},
	JOURNAL = {Ann. Statist.},
	FJOURNAL = {The Annals of Statistics},
	VOLUME = {40},
	YEAR = {2012},
	NUMBER = {2},
	PAGES = {996--1023},
	ISSN = {0090-5364},
	DOI = {10.1214/12-AOS986},
}

@book {bishop2007discrete,
	AUTHOR = {Bishop, Yvonne M. M. and Fienberg, Stephen E. and Holland,
	Paul W.},
	TITLE = {Discrete multivariate analysis: theory and practice},
	NOTE = {With the collaboration of Richard J. Light and Frederick
	Mosteller,
	Reprint of the 1975 original},
	PUBLISHER = {Springer, New York},
	YEAR = {2007},
	PAGES = {viii+557},
	ISBN = {978-0-387-72805-6},
}

@book {cox2011toric,
	AUTHOR = {Cox, David A. and Little, John B. and Schenck, Henry K.},
	TITLE = {Toric varieties},
	SERIES = {Graduate Studies in Mathematics},
	VOLUME = {124},
	PUBLISHER = {American Mathematical Society, Providence, RI},
	YEAR = {2011},
	PAGES = {xxiv+841},
	ISBN = {978-0-8218-4819-7},
	DOI = {10.1090/gsm/124},
}

@article {birch1963,
	AUTHOR = {Birch, M. W.},
	TITLE = {Maximum likelihood in three-way contingency tables},
	JOURNAL = {J. Roy. Statist. Soc. Ser. B},
	FJOURNAL = {Journal of the Royal Statistical Society. Series B.
	Methodological},
	VOLUME = {25},
	YEAR = {1963},
	PAGES = {220--233},
	ISSN = {0035-9246},
	URL = {https://www.jstor.org/stable/2984562},
}

@article {haberman1974,
	AUTHOR = {Haberman, Shelby J.},
	TITLE = {Log-linear models for frequency tables derived by indirect
	observation: maximum likelihood equations},
	JOURNAL = {Ann. Statist.},
	FJOURNAL = {The Annals of Statistics},
	VOLUME = {2},
	YEAR = {1974},
	PAGES = {911--924},
	ISSN = {0090-5364},
	URL = {https://www.jstor.org/stable/2958058},
}

@book {ASCB,
	TITLE = {Algebraic statistics for computational biology},
	EDITOR = {Pachter, Lior and Sturmfels, Bernd},
	PUBLISHER = {Cambridge University Press, New York},
	YEAR = {2005},
	PAGES = {xii+420},
	ISBN = {978-0-521-85700-0},
	DOI = {10.1017/CBO9780511610684},
}

@article {GeigerMeekSturmfels,
	AUTHOR = {Geiger, Dan and Meek, Christopher and Sturmfels, Bernd},
	TITLE = {On the toric algebra of graphical models},
	JOURNAL = {Ann. Statist.},
	FJOURNAL = {The Annals of Statistics},
	VOLUME = {34},
	YEAR = {2006},
	NUMBER = {3},
	PAGES = {1463--1492},
	ISSN = {0090-5364},
	DOI = {10.1214/009053606000000263},
}

@article {IPForiginal,
	AUTHOR = {Deming, W. Edwards and Stephan, Frederick F.},
	TITLE = {On a least squares adjustment of a sampled frequency table
	when the expected marginal totals are known},
	JOURNAL = {Ann. Math. Statistics},
	FJOURNAL = {Annals of Mathematical Statistics},
	VOLUME = {11},
	YEAR = {1940},
	PAGES = {427--444},
	ISSN = {0003-4851},
	DOI = {10.1214/aoms/1177731829},
}

@article {IPS-DR,
	AUTHOR = {Darroch, J. N. and Ratcliff, D.},
	TITLE = {Generalized iterative scaling for log-linear models},
	JOURNAL = {Ann. Math. Statist.},
	FJOURNAL = {Annals of Mathematical Statistics},
	VOLUME = {43},
	YEAR = {1972},
	PAGES = {1470--1480},
	ISSN = {0003-4851},
	DOI = {10.1214/aoms/1177692379},
}

@article {fienberg1970,
	AUTHOR = {Fienberg, Stephen E.},
	TITLE = {An iterative procedure for estimation in contingency tables},
	JOURNAL = {Ann. Math. Statist.},
	FJOURNAL = {Annals of Mathematical Statistics},
	VOLUME = {41},
	YEAR = {1970},
	PAGES = {907--917},
	ISSN = {0003-4851},
	DOI = {10.1214/aoms/1177696968},
}

@book {SchrijverBook,
	AUTHOR = {Schrijver, Alexander},
	TITLE = {Theory of linear and integer programming},
	SERIES = {Wiley-Interscience Series in Discrete Mathematics},
	NOTE = {A Wiley-Interscience Publication},
	PUBLISHER = {John Wiley \& Sons, Ltd., Chichester},
	YEAR = {1986},
	PAGES = {xii+471},
	ISBN = {0-471-90854-1},
}

@book {LehmannCasellaBook,
	AUTHOR = {Lehmann, E. L. and Casella, George},
	TITLE = {Theory of point estimation},
	SERIES = {Springer Texts in Statistics},
	EDITION = {Second},
	PUBLISHER = {Springer-Verlag, New York},
	YEAR = {1998},
	PAGES = {xxvi+589},
	ISBN = {0-387-98502-6},
	DOI = {10.1007/b98854},
}

@book{rice2006mathematical,
	title={Mathematical statistics and data analysis},
	author={Rice, John A},
	year={2006},
	publisher={Cengage Learning}
}

@book {JaynesBook,
	AUTHOR = {Jaynes, E. T.},
	TITLE = {Probability theory},
	NOTE = {The logic of science,
	Edited and with a foreword by G. Larry Bretthorst},
	PUBLISHER = {Cambridge University Press, Cambridge},
	YEAR = {2003},
	PAGES = {xxx+727},
	ISBN = {0-521-59271-2},
	DOI = {10.1017/CBO9780511790423},
}

@article {goodman1963complexGaussian,
	AUTHOR = {Goodman, N. R.},
	TITLE = {Statistical analysis based on a certain multivariate complex
	{G}aussian distribution. ({A}n introduction)},
	JOURNAL = {Ann. Math. Statist.},
	FJOURNAL = {Annals of Mathematical Statistics},
	VOLUME = {34},
	YEAR = {1963},
	PAGES = {152--177},
	ISSN = {0003-4851},
	DOI = {10.1214/aoms/1177704250},
}

@book {ComplexGraphicalModelsBook,
	AUTHOR = {Andersen, H. H. and H\o jbjerre, M. and S\o rensen, D. and
	Eriksen, P. S.},
	TITLE = {Linear and graphical models},
	SERIES = {Lecture Notes in Statistics},
	VOLUME = {101},
	NOTE = {For the multivariate complex normal distribution},
	PUBLISHER = {Springer-Verlag, New York},
	YEAR = {1995},
	PAGES = {x+183},
	ISBN = {0-387-94521-0},
	DOI = {10.1007/978-1-4612-4240-6},
}

@article {wooding1956multivariate,
	AUTHOR = {Wooding, R. A.},
	TITLE = {The multivariate distribution of complex normal variables},
	JOURNAL = {Biometrika},
	FJOURNAL = {Biometrika},
	VOLUME = {43},
	YEAR = {1956},
	PAGES = {212--215},
	ISSN = {0006-3444},
	DOI = {10.1093/biomet/43.1-2.212},
}

@article {gross2018maximum,
	AUTHOR = {Gross, Elizabeth and Sullivant, Seth},
	TITLE = {The maximum likelihood threshold of a graph},
	JOURNAL = {Bernoulli},
	FJOURNAL = {Bernoulli. Official Journal of the Bernoulli Society for
	Mathematical Statistics and Probability},
	VOLUME = {24},
	YEAR = {2018},
	NUMBER = {1},
	PAGES = {386--407},
	ISSN = {1350-7265},
	DOI = {10.3150/16-BEJ881},
}

@article {blekherman2019maximum,
	AUTHOR = {Blekherman, Grigoriy and Sinn, Rainer},
	TITLE = {Maximum likelihood threshold and generic completion rank of
	graphs},
	JOURNAL = {Discrete Comput. Geom.},
	FJOURNAL = {Discrete \& Computational Geometry. An International Journal
	of Mathematics and Computer Science},
	VOLUME = {61},
	YEAR = {2019},
	NUMBER = {2},
	PAGES = {303--324},
	ISSN = {0179-5376},
	DOI = {10.1007/s00454-018-9990-3},
}

@article {uhler2012geometry,
	AUTHOR = {Uhler, Caroline},
	TITLE = {Geometry of maximum likelihood estimation in {G}aussian
	graphical models},
	JOURNAL = {Ann. Statist.},
	FJOURNAL = {The Annals of Statistics},
	VOLUME = {40},
	YEAR = {2012},
	NUMBER = {1},
	PAGES = {238--261},
	ISSN = {0090-5364},
	DOI = {10.1214/11-AOS957},
}

@article {buhl1993existence,
	AUTHOR = {Buhl, S\o ren L.},
	TITLE = {On the existence of maximum likelihood estimators for
	graphical {G}aussian models},
	JOURNAL = {Scand. J. Statist.},
	FJOURNAL = {Scandinavian Journal of Statistics. Theory and Applications},
	VOLUME = {20},
	YEAR = {1993},
	NUMBER = {3},
	PAGES = {263--270},
	ISSN = {0303-6898},
	URL = {https://www.jstor.org/stable/4616281},
}

@book {AndersonBook,
	AUTHOR = {Anderson, T. W.},
	TITLE = {An introduction to multivariate statistical analysis},
	SERIES = {Wiley Series in Probability and Statistics},
	EDITION = {Third},
	PUBLISHER = {Wiley-Interscience, Hoboken, NJ},
	YEAR = {2003},
	PAGES = {xx+721},
	ISBN = {0-471-36091-0},
}

@book{MillarBook,
	title={Maximum likelihood estimation and inference: with examples in R, SAS and ADMB},
	author={Millar, Russell B},
	year={2011},
	publisher={John Wiley \& Sons},
	isbn={9780470094822},
	doi={10.1002/9780470094846},
}

@book {SeveriniBook,
	AUTHOR = {Severini, Thomas A.},
	TITLE = {Likelihood methods in statistics},
	SERIES = {Oxford Statistical Science Series},
	VOLUME = {22},
	PUBLISHER = {Oxford University Press, Oxford},
	YEAR = {2000},
	PAGES = {xii+380},
	ISBN = {0-19-850650-3},
}

@book {CramerEconometric,
	AUTHOR = {Cramer, J. S.},
	TITLE = {Econometric applications of maximum likelihood methods},
	PUBLISHER = {Cambridge University Press, Cambridge},
	YEAR = {1986},
	PAGES = {xiv+208},
	ISBN = {0-521-25317-9},
	DOI = {10.1017/CBO9780511572050},
}

@book{WardBook,
	place={Cambridge},
	series={Analytical Methods for Social Research},
	title={Maximum Likelihood for Social Science: Strategies for Analysis},
	DOI={10.1017/9781316888544},
	publisher={Cambridge University Press},
	author={Ward, Michael D. and Ahlquist, John S.},
	year={2018},
	collection={Analytical Methods for Social Research},
}

@book {AsymptoticStatistics,
	AUTHOR = {van der Vaart, A. W.},
	TITLE = {Asymptotic statistics},
	SERIES = {Cambridge Series in Statistical and Probabilistic Mathematics},
	VOLUME = {3},
	PUBLISHER = {Cambridge University Press, Cambridge},
	YEAR = {1998},
	PAGES = {xvi+443},
	ISBN = {0-521-49603-9},
	DOI = {10.1017/CBO9780511802256},
}

@book {CramerMathematical,
	AUTHOR = {Cram\'{e}r, Harald},
	TITLE = {Mathematical {M}ethods of {S}tatistics},
	SERIES = {Princeton Mathematical Series, vol. 9},
	PUBLISHER = {Princeton University Press, Princeton, N. J.},
	YEAR = {1946},
	PAGES = {xvi+575},
	DOI = {10.1515/9781400883868},
}

@book {BorelBook,
	AUTHOR = {Borel, Armand},
	TITLE = {Linear algebraic groups},
	SERIES = {Graduate Texts in Mathematics},
	VOLUME = {126},
	EDITION = {Second},
	PUBLISHER = {Springer-Verlag, New York},
	YEAR = {1991},
	PAGES = {xii+288},
	ISBN = {0-387-97370-2},
	DOI = {10.1007/978-1-4612-0941-6},
}

@book {SpringerBook,
	AUTHOR = {Springer, T. A.},
	TITLE = {Linear algebraic groups},
	SERIES = {Progress in Mathematics},
	VOLUME = {9},
	EDITION = {Second},
	PUBLISHER = {Birkh\"{a}user Boston, Inc., Boston, MA},
	YEAR = {1998},
	PAGES = {xiv+334},
	ISBN = {0-8176-4021-5},
	DOI = {10.1007/978-0-8176-4840-4},
}

@book {Humphreys,
	AUTHOR = {Humphreys, James E.},
	TITLE = {Linear algebraic groups},
	SERIES = {Graduate Texts in Mathematics, No. 21},
	PUBLISHER = {Springer-Verlag, New York-Heidelberg},
	YEAR = {1975},
	PAGES = {xiv+247},
	ISBN = {978-1-4684-9445-7},
	DOI = {10.1007/978-1-4684-9443-3},
}

@book {ProcesiBook,
	AUTHOR = {Procesi, Claudio},
	TITLE = {Lie groups},
	SERIES = {Universitext},
	NOTE = {An approach through invariants and representations},
	PUBLISHER = {Springer, New York},
	YEAR = {2007},
	PAGES = {xxiv+596},
	ISBN = {978-0-387-26040-2},
	DOI = {10.1007/978-0-387-28929-8},
}

@book {OnishchikVinbergBook,
	AUTHOR = {Onishchik, A. L. and Vinberg, \`E. B.},
	TITLE = {Lie groups and algebraic groups},
	SERIES = {Springer Series in Soviet Mathematics},
	NOTE = {Translated from the Russian and with a preface by D. A.
	Leites},
	PUBLISHER = {Springer-Verlag, Berlin},
	YEAR = {1990},
	PAGES = {xx+328},
	ISBN = {3-540-50614-4},
	DOI = {10.1007/978-3-642-74334-4},
}

@book {DerksenWeymanBook,
	AUTHOR = {Derksen, Harm and Weyman, Jerzy},
	TITLE = {An introduction to quiver representations},
	SERIES = {Graduate Studies in Mathematics},
	VOLUME = {184},
	PUBLISHER = {American Mathematical Society, Providence, RI},
	YEAR = {2017},
	PAGES = {x+334},
	ISBN = {978-1-4704-2556-2},
	DOI = {10.1090/gsm/184},
}

@book {WaterhouseBook,
	AUTHOR = {Waterhouse, William C.},
	TITLE = {Introduction to affine group schemes},
	SERIES = {Graduate Texts in Mathematics},
	VOLUME = {66},
	PUBLISHER = {Springer-Verlag, New York-Berlin},
	YEAR = {1979},
	PAGES = {xi+164},
	ISBN = {0-387-90421-2},
	DOI = {10.1007/978-1-4612-6217-6},
}

@article {heinzner2007cartan,
	AUTHOR = {Heinzner, Peter and Schwarz, Gerald W.},
	TITLE = {Cartan decomposition of the moment map},
	JOURNAL = {Math. Ann.},
	FJOURNAL = {Mathematische Annalen},
	VOLUME = {337},
	YEAR = {2007},
	NUMBER = {1},
	PAGES = {197--232},
	ISSN = {0025-5831},
	DOI = {10.1007/s00208-006-0032-8},
}

@article {heinzner2008stratifications,
	AUTHOR = {Heinzner, Peter and Schwarz, Gerald W. and St\"{o}tzel, Henrik},
	TITLE = {Stratifications with respect to actions of real reductive
	groups},
	JOURNAL = {Compos. Math.},
	FJOURNAL = {Compositio Mathematica},
	VOLUME = {144},
	YEAR = {2008},
	NUMBER = {1},
	PAGES = {163--185},
	ISSN = {0010-437X},
	DOI = {10.1112/S0010437X07003259},
}

@article {marian2001on,
	AUTHOR = {Marian, Alina},
	TITLE = {On the real moment map},
	JOURNAL = {Math. Res. Lett.},
	FJOURNAL = {Mathematical Research Letters},
	VOLUME = {8},
	YEAR = {2001},
	NUMBER = {5-6},
	PAGES = {779--788},
	ISSN = {1073-2780},
	DOI = {10.4310/MRL.2001.v8.n6.a8},
}

@article {biliotti2017stability,
	AUTHOR = {Biliotti, Leonardo and Zedda, Michela},
	TITLE = {Stability with respect to actions of real reductive {L}ie
	groups},
	JOURNAL = {Ann. Mat. Pura Appl. (4)},
	FJOURNAL = {Annali di Matematica Pura ed Applicata. Series IV},
	VOLUME = {196},
	YEAR = {2017},
	NUMBER = {6},
	PAGES = {2185--2211},
	ISSN = {0373-3114},
	DOI = {10.1007/s10231-017-0660-5},
}

@article {osheaSjamaar2000moment,
	AUTHOR = {O'Shea, Luis and Sjamaar, Reyer},
	TITLE = {Moment maps and {R}iemannian symmetric pairs},
	JOURNAL = {Math. Ann.},
	FJOURNAL = {Mathematische Annalen},
	VOLUME = {317},
	YEAR = {2000},
	NUMBER = {3},
	PAGES = {415--457},
	ISSN = {0025-5831},
	DOI = {10.1007/PL00004408},
}

@article {biliotti2021RealKempfNess,
	AUTHOR = {Biliotti, Leonardo},
	TITLE = {The {K}empf-{N}ess theorem and invariant theory for real
	reductive representations},
	JOURNAL = {S\~{a}o Paulo J. Math. Sci.},
	FJOURNAL = {S\~{a}o Paulo Journal of Mathematical Sciences},
	VOLUME = {15},
	YEAR = {2021},
	NUMBER = {1},
	PAGES = {54--74},
	DOI = {10.1007/s40863-019-00151-6},
}

@misc{paradan2020moment,
	doi = {10.48550/ARXIV.2012.08837},
	author = {Paradan, Paul-Emile},	
	title = {Moment polytopes in real symplectic geometry I},
	publisher = {arXiv},
	year = {2020},
}

@book {BochnakCosteRoy,
	AUTHOR = {Bochnak, Jacek and Coste, Michel and Roy, Marie-Fran\c{c}oise},
	TITLE = {Real algebraic geometry},
	SERIES = {Ergebnisse der Mathematik und ihrer Grenzgebiete (3) [Results
	in Mathematics and Related Areas (3)]},
	VOLUME = {36},
	NOTE = {Translated from the 1987 French original,
	Revised by the authors},
	PUBLISHER = {Springer-Verlag, Berlin},
	YEAR = {1998},
	PAGES = {x+430},
	ISBN = {3-540-64663-9},
	DOI = {10.1007/978-3-662-03718-8},
}

@book {ShafarevichBAG2,
	AUTHOR = {Shafarevich, Igor R.},
	TITLE = {Basic algebraic geometry. 2},
	EDITION = {Third},
	NOTE = {Schemes and complex manifolds,
	Translated from the 2007 third Russian edition by Miles Reid},
	PUBLISHER = {Springer, Heidelberg},
	YEAR = {2013},
	PAGES = {xiv+262},
	ISBN = {978-3-642-38009-9},
	DOI = {10.1007/978-3-642-38010-5},
}

@book {KnappBook,
	AUTHOR = {Knapp, Anthony W.},
	TITLE = {Lie groups beyond an introduction},
	SERIES = {Progress in Mathematics},
	VOLUME = {140},
	PUBLISHER = {Birkh\"{a}user Boston, Inc., Boston, MA},
	YEAR = {1996},
	PAGES = {xvi+604},
	ISBN = {0-8176-3926-8},
	DOI = {10.1007/978-1-4757-2453-0},
}

@incollection {thomas2006notes,
	AUTHOR = {Thomas, R. P.},
	TITLE = {Notes on {GIT} and symplectic reduction for bundles and
	varieties},
	BOOKTITLE = {Surveys in differential geometry. {V}ol. {X}},
	SERIES = {Surv. Differ. Geom.},
	VOLUME = {10},
	PAGES = {221--273},
	PUBLISHER = {Int. Press, Somerville, MA},
	YEAR = {2006},
	DOI = {10.4310/SDG.2005.v10.n1.a7},
}

@book {FultonHarris,
	AUTHOR = {Fulton, William and Harris, Joe},
	TITLE = {Representation theory},
	SERIES = {Graduate Texts in Mathematics},
	VOLUME = {129},
	NOTE = {A first course,
	Readings in Mathematics},
	PUBLISHER = {Springer-Verlag, New York},
	YEAR = {1991},
	PAGES = {xvi+551},
	ISBN = {0-387-97527-6},
	DOI = {10.1007/978-1-4612-0979-9},
}

@article {luna1975sur,
	AUTHOR = {Luna, D.},
	TITLE = {Sur certaines op\'{e}rations diff\'{e}rentiables des groupes de {L}ie},
	JOURNAL = {Amer. J. Math.},
	FJOURNAL = {American Journal of Mathematics},
	VOLUME = {97},
	YEAR = {1975},
	PAGES = {172--181},
	ISSN = {0002-9327},
	DOI = {10.2307/2373666},
}

@incollection {brion1987sur,
	AUTHOR = {Brion, Michel},
	TITLE = {Sur l'image de l'application moment},
	BOOKTITLE = {S\'{e}minaire d'alg\`ebre {P}aul {D}ubreil et {M}arie-{P}aule
	{M}alliavin ({P}aris, 1986)},
	SERIES = {Lecture Notes in Math.},
	VOLUME = {1296},
	PAGES = {177--192},
	PUBLISHER = {Springer, Berlin},
	YEAR = {1987},
	DOI = {10.1007/BFb0078526},
}

@article {kirwan1984convexity,
	AUTHOR = {Kirwan, Frances},
	TITLE = {Convexity properties of the moment mapping. {III}},
	JOURNAL = {Invent. Math.},
	FJOURNAL = {Inventiones Mathematicae},
	VOLUME = {77},
	YEAR = {1984},
	NUMBER = {3},
	PAGES = {547--552},
	ISSN = {0020-9910},
	DOI = {10.1007/BF01388838},
}

@book {KirwanBook,
	AUTHOR = {Kirwan, Frances Clare},
	TITLE = {Cohomology of quotients in symplectic and algebraic geometry},
	SERIES = {Mathematical Notes},
	VOLUME = {31},
	PUBLISHER = {Princeton University Press, Princeton, NJ},
	YEAR = {1984},
	PAGES = {i+211},
	ISBN = {0-691-08370-3},
	DOI = {10.2307/j.ctv10vm2m8},
}

@book {HandbookGraphical,
	TITLE = {Handbook of graphical models},
	SERIES = {Chapman \& Hall/CRC Handbooks of Modern Statistical Methods},
	EDITOR = {Maathuis, Marloes and Drton, Mathias and Lauritzen, Steffen
	and Wainwright, Martin},
	PUBLISHER = {CRC Press, Boca Raton, FL},
	YEAR = {2019},
	PAGES = {xviii+536},
	ISBN = {978-1-4987-8862-5},
}

@article{abbruzzo2016operational,
	title={Operational and financial performance of Italian airport companies: A dynamic graphical model},
	author={Abbruzzo, Antonino and Fasone, Vincenzo and Scuderi, Raffaele},
	journal={Transport Policy},
	volume={52},
	pages={231--237},
	year={2016},
	publisher={Elsevier},
	doi={10.1016/j.tranpol.2016.09.004},
}

@article {vinciotti2016model,
	AUTHOR = {Vinciotti, Veronica and Augugliaro, Luigi and Abbruzzo,
	Antonino and Wit, Ernst C.},
	TITLE = {Model selection for factorial {G}aussian graphical models with
	an application to dynamic regulatory networks},
	JOURNAL = {Stat. Appl. Genet. Mol. Biol.},
	FJOURNAL = {Statistical Applications in Genetics and Molecular Biology},
	VOLUME = {15},
	YEAR = {2016},
	NUMBER = {3},
	PAGES = {193--212},
	ISSN = {2194-6302},
	DOI = {10.1515/sagmb-2014-0075},
}

@article {gao2015estimation,
	AUTHOR = {Gao, Xin and Massam, H\'{e}l\`ene},
	TITLE = {Estimation of symmetry-constrained {G}aussian graphical
	models: application to clustered dense networks},
	JOURNAL = {J. Comput. Graph. Statist.},
	FJOURNAL = {Journal of Computational and Graphical Statistics},
	VOLUME = {24},
	YEAR = {2015},
	NUMBER = {4},
	PAGES = {909--929},
	ISSN = {1061-8600},
	DOI = {10.1080/10618600.2014.937811},
}

@article {dempster1972covariance,
	AUTHOR = {Dempster, A. P.},
	TITLE = {Covariance selection},
	JOURNAL = {Biometrics},
	FJOURNAL = {Biometrics. Journal of the Biometric Society},
	VOLUME = {28},
	YEAR = {1972},
	NUMBER = {1},
	PAGES = {157--175},
	ISSN = {0006-341X},
	DOI = {10.2307/2528966},
}

@article{friedman2008sparse,
	title={Sparse inverse covariance estimation with the graphical lasso},
	author={Friedman, Jerome and Hastie, Trevor and Tibshirani, Robert},
	journal={Biostatistics},
	volume={9},
	number={3},
	pages={432--441},
	year={2008},
	publisher={Oxford University Press},
	doi={10.1093/biostatistics/kxm045},
}

@article{wille2004sparse,
	title={Sparse graphical Gaussian modeling of the isoprenoid gene network in Arabidopsis thaliana},
	author={Wille, Anja and Zimmermann, Philip and Vranov{\'a}, Eva and F{\"u}rholz, Andreas and Laule, Oliver and Bleuler, Stefan and Hennig, Lars and Preli{\'c}, Amela and von Rohr, Peter and Thiele, Lothar and others},
	journal={Genome biology},
	volume={5},
	number={11},
	pages={1--13},
	year={2004},
	publisher={BioMed Central},
	doi={10.1186/gb-2004-5-11-r92},
}

@article{peters2014identifiability,
	title={Identifiability of Gaussian structural equation models with equal error variances},
	author={Peters, Jonas and B{\"u}hlmann, Peter},
	journal={Biometrika},
	volume={101},
	number={1},
	pages={219--228},
	year={2014},
	publisher={Oxford University Press},
	doi={10.1093/biomet/ast043},
}

@article {madsen2000invariant,
	AUTHOR = {Madsen, Jesper},
	TITLE = {Invariant normal models with recursive graphical {M}arkov
	structure},
	JOURNAL = {Ann. Statist.},
	FJOURNAL = {The Annals of Statistics},
	VOLUME = {28},
	YEAR = {2000},
	NUMBER = {4},
	PAGES = {1150--1178},
	ISSN = {0090-5364},
	DOI = {10.1214/aos/1015956711},
}

@article {andersson1998symmetry,
	AUTHOR = {Andersson, Steen and Madsen, Jesper},
	TITLE = {Symmetry and lattice conditional independence in a
	multivariate normal distribution},
	JOURNAL = {Ann. Statist.},
	FJOURNAL = {The Annals of Statistics},
	VOLUME = {26},
	YEAR = {1998},
	NUMBER = {2},
	PAGES = {525--572},
	ISSN = {0090-5364},
	DOI = {10.1214/aos/1028144848},
}

@article {shah2012group,
	AUTHOR = {Shah, Parikshit and Chandrasekaran, Venkat},
	TITLE = {Group symmetry and covariance regularization},
	JOURNAL = {Electron. J. Stat.},
	FJOURNAL = {Electronic Journal of Statistics},
	VOLUME = {6},
	YEAR = {2012},
	PAGES = {1600--1640},
	MRCLASS = {62F12 (20C15 60G09 62H12)},
	MRNUMBER = {2988459},
	DOI = {10.1214/12-EJS723},
}

@article {danaher2014joint,
	AUTHOR = {Danaher, Patrick and Wang, Pei and Witten, Daniela M.},
	TITLE = {The joint graphical lasso for inverse covariance estimation
	across multiple classes},
	JOURNAL = {J. R. Stat. Soc. Ser. B. Stat. Methodol.},
	FJOURNAL = {Journal of the Royal Statistical Society. Series B.
	Statistical Methodology},
	VOLUME = {76},
	YEAR = {2014},
	NUMBER = {2},
	PAGES = {373--397},
	ISSN = {1369-7412},
	DOI = {10.1111/rssb.12033},
}

@article {sturmfels2010multivariate,
	AUTHOR = {Sturmfels, Bernd and Uhler, Caroline},
	TITLE = {Multivariate {G}aussian, semidefinite matrix completion, and
	convex algebraic geometry},
	JOURNAL = {Ann. Inst. Statist. Math.},
	FJOURNAL = {Annals of the Institute of Statistical Mathematics},
	VOLUME = {62},
	YEAR = {2010},
	NUMBER = {4},
	PAGES = {603--638},
	ISSN = {0020-3157},
	DOI = {10.1007/s10463-010-0295-4},
}

@article {MLEtutorial,
	AUTHOR = {Myung, In Jae},
	TITLE = {Tutorial on maximum likelihood estimation},
	JOURNAL = {J. Math. Psych.},
	FJOURNAL = {Journal of Mathematical Psychology},
	VOLUME = {47},
	YEAR = {2003},
	NUMBER = {1},
	PAGES = {90--100},
	ISSN = {0022-2496},
	DOI = {10.1016/S0022-2496(02)00028-7},
}

@article{fisher1934,
	title={Two new properties of mathematical likelihood},
	author={Fisher, Ronald Aylmer},
	journal={Proceedings of the Royal Society of London. Series A, Containing Papers of a Mathematical and Physical Character},
	volume={144},
	number={852},
	pages={285--307},
	year={1934},
	publisher={The Royal Society London},
	doi={10.1098/rspa.1934.0050},
}

@techreport{IPFienberg,
	title={Iterative Proportional Fitting.},
	author={Fienberg, Stephen E and Meyer, Michael M},
	year={1981},
	institution={Carnegie-Mellon University, Pittsburgh PA,Dept. of Statistics}
}

@article {GaussianIPF,
	AUTHOR = {Cramer, Erhard},
	TITLE = {Conditional iterative proportional fitting for {G}aussian
	distributions},
	JOURNAL = {J. Multivariate Anal.},
	FJOURNAL = {Journal of Multivariate Analysis},
	VOLUME = {65},
	YEAR = {1998},
	NUMBER = {2},
	PAGES = {261--276},
	ISSN = {0047-259X},
	DOI = {10.1006/jmva.1998.1739},
}

@book {HilbertGesammelte,
	AUTHOR = {Hilbert, David},
	TITLE = {Gesammelte {A}bhandlungen. {B}and {III}: {A}nalysis,
	{G}rundlagen der {M}athematik, {P}hysik, {V}erschiedenes,
	{L}ebensgeschichte},
	PUBLISHER = {Springer-Verlag, Berlin},
	YEAR = {1935},
	PAGES = {vii+435},
	URL = {http://resolver.sub.uni-goettingen.de/purl?PPN237834022},
}

@misc{HaroldMichaelInterior,
	doi = {10.48550/ARXIV.2303.04771},
	author = {Nieuwboer, Harold and Walter, Michael},
	title = {Interior-point methods on manifolds: theory and applications},
	publisher = {arXiv},
	year = {2023},
}

@misc{HiraiInterior,
	doi = {10.48550/ARXIV.2212.10981},
	author = {Hirai, Hiroshi},
	title = {On a manifold formulation of self-concordant functions},
	publisher = {arXiv},
	year = {2022},
}

@article{criscitielloBoumalNegative,
	doi = {10.48550/ARXIV.2111.13263},
	author = {Criscitiello, Christopher and Boumal, Nicolas},
	title = {Negative curvature obstructs acceleration for geodesically convex optimization, even with exact first-order oracles},
	publisher = {arXiv},
	year = {2021},
}

@misc{latexWikibooks,
	title = {{\LaTeX} Wikibooks},
	url = {https://en.wikibooks.org/wiki/LaTeX},
}










